@misc{customers,
    author =       "{Management Study Guide}",
    title =       "{Different Types of Customers}",
    year  =       {2018},
    url   =       {https://www.managementstudyguide.com/types-of-customers.htm}
}

@misc{upliftweb,
    author =       "{Analytic Bridge}",
    title =       "{What are uplifting models?}",
    year  =       {2018},
    url   =       {https://www.analyticbridge.datasciencecentral.com/profiles/blogs/what-are-uplift-models}
}

@misc{dummies,
    author =       "{Anasse Bari, Mohamed Chaouchi and Tommy Jung}",
    title =       "{Predictive Analytics for Dummies}",
    year  =       {2017},
    url   =       {http://common.books24x7.com/toc.aspx?bookid=117477}
}

@misc{upliftpaper,
    author =       "{Piotr Rzepakowski, Szymon Jaroszewicz}",
    title =       "{Uplift Modeling in Direct Marketing}",
    year  =       {2012},
    url   =       {http://www.nit.eu/czasopisma/JTIT/2012/2/43.pdf}
}

@misc{kafka,
    author =       "{Apache Kafka}",
    title =       "{Introduction}",
    year  =       {2018},
    url   =       {https://kafka.apache.org/intro}
}

@misc{spark,
    author =       "{Databricks}",
    title =       "{What is Apache Spark?}",
    year  =       {2018},
    url   =       {https://databricks.com/spark/about}
}

@misc{nn, 
       author = { David Kriesel }, 
       title =  { A Brief Introduction to Neural Networks },
       year =   { 2007 }, 
       url =   {http://www.dkriesel.com } 
}

@misc{hash2,
    author =       "{Thomas F. Zurek}",
    title =       "{Optimisation of Partitioned Temporal Joins}",
    year  =       {1997},
    url   =       {http://www.dcs.ed.ac.uk/home/tz/phd/thesis/node21.htm}
}

@misc{hash,
    author =       "{Lewis, J., Kyte, T.}",
    title =       "{Cost-based oracle fundamentals}",
    year  =       {2006},
    url   =       {https://ebookcentral.proquest.com}
}

@misc{granger,
    author =       "{Scholarpedia}",
    title =       "{Granger Causality}",
    year  =       {2018},
    url   =       {http://www.scholarpedia.org/article/Granger_causality}
}

@misc{hadoop,
    author =       "{Apache Hadoop}",
    title =       "{Welcome to Apache Hadoop!}",
    year  =       {2018},
    url   =       {http://hadoop.apache.org/}
}